%%%%%%%%%%%%%
% Textbooks %
%%%%%%%%%%%%%

@book{miller_problem_2013,
	address = {Sherwood, Oregon},
	edition = {3rd},
	title = {Problem {Solving} with {Algorithms} and {Data} {Structures} {Using} {Python}},
	isbn = {978-1-59028-257-1},
    note = {\url{http://interactivepython.org/runestone/static/pythonds/index.html}},
	publisher = {Franklin, Beedle \& Associates},
	author = {Miller, Bradley N. and Ranum, David L.},
	year = {2013}
}

@book{lee_data_2015,
	address = {New York},
	edition = {2015},
	title = {Data {Structures} and {Algorithms} with {Python}},
	isbn = {978-3-319-13071-2},
	language = {English},
	publisher = {Springer},
	author = {Lee, Kent D. and Hubbard, Steve},
	month = jan,
	year = {2015},
	note = {\url{http://www.springer.com/us/book/9783319130712}}
}

@book{karumanchi_data_2015,
	edition = {1st},
	title = {Data {Structure} and {Algorithmic} {Thinking} with {Python}: {Data} {Structure} and {Algorithmic} {Puzzles}},
	isbn = {978-81-921075-9-2},
	language = {English},
	publisher = {CareerMonk Publications},
	author = {Karumanchi, Narasimha},
	month = jan,
	year = {2015}
}

@book{bhargava_grokking_2016,
	address = {Shelter Island},
	edition = {1st},
	title = {Grokking {Algorithms}: {An} illustrated guide for programmers and other curious people},
	isbn = {978-1-61729-223-1},
	language = {English},
	publisher = {Manning Publications},
	author = {Bhargava, Aditya},
	month = may,
	year = {2016}
}

@book{heineman_algorithms_2016,
	edition = {2nd},
	title = {Algorithms in a {Nutshell}: {A} {Practical} {Guide}},
	isbn = {978-1-4919-4892-7},
	language = {English},
	publisher = {O'Reilly Media},
	author = {Heineman, George T. and Pollice, Gary and Selkow, Stanley},
	month = apr,
	year = {2016}
}

@book{hetland_python_2014,
	edition = {2nd},
	title = {Python {Algorithms}: {Mastering} {Basic} {Algorithms} in the {Python} {Language}},
	isbn = {978-1-4842-0056-8},
	language = {English},
	publisher = {Apress},
	author = {Hetland, Magnus Lie},
	month = sep,
	year = {2014}
}

@book{goodrich_data_2013,
	address = {Hoboken, NJ},
	edition = {1st},
	title = {Data {Structures} and {Algorithms} in {Python}},
	isbn = {978-1-118-29027-9},
	publisher = {Wiley},
	author = {Goodrich, Michael T. and Tamassia, Roberto and Goldwasser, Michael H.},
	year = {2013}
}

@book{pilgrim_dive_2009,
    title = {Dive Into Python 3},
    author = {Pilgrim, Mark and Willison, Simon},
    edition = {2nd},
    year = {2009},
    publisher = {Springer},
    note = {\url{http://www.diveintopython3.net/}}
}

@book{kubica_computational_2012,
  title={Computational Fairy Tales},
  author={Kubica, Jeremy},
  year={2012}
}

@book{kubica_detective_2016,
  title={The CS Detective: An Algorithmic Tale of Crime, Conspiracy, and Computation},
  author={Kubica, Jeremy},
  year={2016},
}

@book{lambert_fundamentals_2014,
    title = {Fundamentals of Python: Data Structures},
    author = {Kenneth A. Lambert},
    edition = {1st},
    year = {2014},
    publisher = {Cengage}
}

@book{stephens_essential_2013,
    title = {Essential Algorithms: A Practical Approach to Computer Algorithms},
    author = {Rod Stephens},
    edition = {1st},
    year = {2013},
    publisher = {Wiley}
}

@book{guttag_introduction_2016,
    title = {Introduction to Computation and Programming Using Python},
    author = {John Guttag},
    edition = {2nd},
    year = {2016},
    publisher = {MIT Press}
}

%%%%%%%%%
% MOOCs %
%%%%%%%%%

@misc{portilla_python_2016,
	title = {Python for {Data} {Structures}, {Algorithms}, and {Interviews}},
	note = {\url{https://www.udemy.com/python-for-data-structures-algorithms-and-interviews/}},
	year = {2016},
	publisher = {Udemy},
	author = {Portilla, Jose},
}

@misc{nakhleh_algorithmic2_2016,
	title = {Algorithmic {Thinking} ({Part} 2) - {Rice} {University}},
	note = {\url{https://www.coursera.org/learn/algorithmic-thinking-2}},
	publisher = {Coursera},
	author = {Nakhleh, Luay and Rixner, Scott and Warren, Joe},
	year = {2016},
}

@misc{nakhleh_algorithmic1_2016,
	title = {Algorithmic {Thinking} ({Part} 1) - {Rice} {University}},
	note = {\url{https://www.coursera.org/learn/algorithmic-thinking-1}},
	publisher = {Coursera},
	author = {Nakhleh, Luay and Rixner, Scott and Warren, Joe},
	year = {2016},
}

@misc{roughgarden_online_2016,
	title = {Online {Courses}},
	note = {\url{http://theory.stanford.edu/~tim/videos.html}},
	author = {Roughgarden, Tim},
	year = {2016},
}

@misc{kane_algorithmic_2016,
	title = {Algorithmic {Toolbox}},
	note = {\url{https://www.coursera.org/learn/algorithmic-toolbox/home/welcome}},
	publisher = {Coursera},
	author = {Kane, Daniel and Kulikov, Alexander S. and Levin, Michael and Pevzner, Pavel and Rhodes, Neil},
	year = {2016},
}

@misc{balazs_algorithms_2016,
	title = {Algorithms and {Data} {Structures} in {Python}},
	note = {\url{https://www.udemy.com/algorithms-and-data-structures-in-python/}},
	publisher = {Udemy},
	author = {Balazs, Holczer},
	year = {2016},
}

@misc{sentance_python_2016,
	title = {Python {School}},
	note = {\url{https://pythonschool.net/}},
	author = {Sentance, Sue and McNicol, Adam},
	year = {2016},
}